<?xml version="1.0" encoding="utf-8"?>
<record xmlns="http://www.loc.gov/MARC21/slim" xmlns:xsi="http://www.w3.org/2001/XMLSchema-instance" xsi:schemaLocation="http://www.loc.gov/MARC21/slim http://www.loc.gov/standards/marcxml/schema/MARC21slim.xsd">
	<leader>     nam a22     Mi 4500</leader>
	<controlfield tag="001">b12158768</controlfield>
	<controlfield tag="003">UaCaAUL</controlfield>
	<controlfield tag="006">m        d        </controlfield>
	<controlfield tag="007">cr cn |||m|||a</controlfield>
	<controlfield tag="008">191028s1908    ua      o     000 0 ara d</controlfield>
	<datafield ind1=" " ind2=" " tag="040">
		<subfield code="a">ZYU</subfield>
		<subfield code="b">ara</subfield>
		<subfield code="e">rda</subfield>
		<subfield code="c">ZYU</subfield>
	</datafield>
	<datafield ind1=" " ind2="4" tag="050">
		<subfield code="a">BP136.8</subfield>
		<subfield code="b">.I25 1908</subfield>
	</datafield>
	<datafield ind1="1" ind2=" " tag="100">
		<subfield code="6">880-01</subfield>
		<subfield code="a">Ibn Qutaybah, ʻAbd Allāh ibn Muslim,</subfield>
		<subfield code="d">828-889.</subfield>
	</datafield>
	<datafield ind1="1" ind2="0" tag="240">
		<subfield code="6">880-02</subfield>
		<subfield code="a">Taʼwīl mukhtalif al-ḥadīth</subfield>
	</datafield>
	<datafield ind1="1" ind2="0" tag="245">
		<subfield code="6">880-03</subfield>
		<subfield code="a">Kitāb Taʼwīl mukhtalif al-ḥadīth :</subfield>
		<subfield code="b">fī al-radd ʻalá aʻdāʼ ahl al-ḥadīth, wa-al-jamʻ bayna al-akhbār allatī iddaʻū alayhā al-tanāquḍ wa-al-ikhtilāf, wa-al-jawāb ʻammā awradūhu min al-shubah ʻalá baʻḍ al-akhbār al-mutashābihah aw al-mushkkilah bādiʼ al-raʼy /</subfield>
		<subfield code="c">taʼlīf al-Imām Ibn Qutaybah al-Dīnawarī, al-mutawaffá sanat 276 Hijrīyah.</subfield>
	</datafield>
	<datafield ind1="3" ind2=" " tag="246">
		<subfield code="6">880-04</subfield>
		<subfield code="a">Taʼwīl mukhtalaf al-ḥadīth</subfield>
	</datafield>
	<datafield ind1=" " ind2=" " tag="250">
		<subfield code="6">880-05</subfield>
		<subfield code="a">al-Ṭabʻah al-ūlá.</subfield>
	</datafield>
	<datafield ind1=" " ind2="1" tag="264">
		<subfield code="6">880-06</subfield>
		<subfield code="a">Miṣr :</subfield>
		<subfield code="b">Maṭbaʻat Kurdistān al-ʻIlmīyah bi-Miṣr al-Maḥmīyah,</subfield>
		<subfield code="c">1326 Hijrīyah [1908]</subfield>
	</datafield>
	<datafield ind1=" " ind2=" " tag="300">
		<subfield code="a">online resource (28, 464 pages)</subfield>
	</datafield>
	<datafield ind1=" " ind2=" " tag="336">
		<subfield code="a">text</subfield>
		<subfield code="2">rdacontent</subfield>
	</datafield>
	<datafield ind1=" " ind2=" " tag="337">
		<subfield code="a">computer</subfield>
		<subfield code="2">rdamedia</subfield>
	</datafield>
	<datafield ind1=" " ind2=" " tag="338">
		<subfield code="a">online resource</subfield>
		<subfield code="2">rdacarrier</subfield>
	</datafield>
	<datafield ind1=" " ind2=" " tag="500">
		<subfield code="6">880-07</subfield>
		<subfield code="a">Tanbīh, li-yuʻlamu anna hādhā al-kitāb ṭubiʻa wa-ṣuḥḥiḥa ʻalá thalāthi nusakh: al-nuskhah al-wāsiṭīyah al-muṣaḥḥaḥah bi-maʻrifat Ustādhī al-mifḍāl (al-Sayyid Maḥmūd Shukrī al-Ālūsī), wa-al-nuskhah al-Dimashqīyah al-maktūbah al-muṣaḥḥaḥah bi-khaṭṭ al-Ustādh al-fāḍil (al-Shaykh Muḥammad Jamāl al-Qāsimī), wa-al-nuskhah al-maḥfūẓah (bi-al-Kutubkhānh al-Khidīwīyah).</subfield>
	</datafield>
	<datafield ind1=" " ind2=" " tag="500">
		<subfield code="6">880-08</subfield>
		<subfield code="a">al-Tạbʻah al-ūlá ʻalá nafaqat ṣāḥib al-saʻādah Maḥmūd Afandī Shābandar Zādah ʻayn aʻyān Baghdād wa-tujjārihā wa-al-sāʻī fī iḥyāʼ āthārihā, bi-maʻrifat al-faqīr ilayhi Faraj Allāh Zakī al-Kurdī bi-maṭbaʻatih.</subfield>
	</datafield>
	<datafield ind1=" " ind2=" " tag="500">
		<subfield code="6">880-09</subfield>
		<subfield code="a">Ḥuqūq al-ṭabʻ maḥfūẓah.</subfield>
	</datafield>
	<datafield ind1=" " ind2=" " tag="500">
		<subfield code="a">Includes errata pages.</subfield>
	</datafield>
	<datafield ind1=" " ind2=" " tag="500">
		<subfield code="a">Part of the Arabic Collections Online (ACO) project, contributed by American University in Cairo Library.</subfield>
	</datafield>
	<datafield ind1=" " ind2=" " tag="533">
		<subfield code="a">Electronic reproduction.</subfield>
		<subfield code="b">New York, N.Y. :</subfield>
		<subfield code="c">New York University,</subfield>
		<subfield code="d">2019.</subfield>
		<subfield code="5">NNU</subfield>
	</datafield>
	<datafield ind1=" " ind2="0" tag="650">
		<subfield code="a">Hadith</subfield>
		<subfield code="x">Authorities</subfield>
		<subfield code="v">Early works to 1800.</subfield>
	</datafield>
	<datafield ind1=" " ind2="0" tag="650">
		<subfield code="a">Hadith</subfield>
		<subfield code="x">Criticism, interpretation, etc.</subfield>
	</datafield>
	<datafield ind1=" " ind2="7" tag="650">
		<subfield code="a">Hadith.</subfield>
		<subfield code="2">fast</subfield>
		<subfield code="0">(OCoLC)fst00950112</subfield>
	</datafield>
	<datafield ind1=" " ind2="7" tag="650">
		<subfield code="a">Hadith</subfield>
		<subfield code="x">Authorities.</subfield>
		<subfield code="2">fast</subfield>
		<subfield code="0">(OCoLC)fst00950115</subfield>
	</datafield>
	<datafield ind1=" " ind2="7" tag="655">
		<subfield code="a">Criticism, interpretation, etc.</subfield>
		<subfield code="2">fast</subfield>
		<subfield code="0">(OCoLC)fst01411635</subfield>
	</datafield>
	<datafield ind1=" " ind2="7" tag="655">
		<subfield code="a">Early works.</subfield>
		<subfield code="2">fast</subfield>
		<subfield code="0">(OCoLC)fst01411636</subfield>
	</datafield>
	<datafield ind1="2" ind2=" " tag="710">
		<subfield code="a">American University in Cairo.</subfield>
		<subfield code="b">Library.</subfield>
	</datafield>
	<datafield ind1="0" ind2=" " tag="730">
		<subfield code="a">Arabic Collections Online.</subfield>
	</datafield>
	<datafield ind1="0" ind2="8" tag="776">
		<subfield code="i">Print version:</subfield>
		<subfield code="a">Ibn Qutaybah, ʻAbd Allāh ibn Muslim, 828-889.</subfield>
		<subfield code="t">Kitāb Taʼwīl mukhtalif al-ḥadīth</subfield>
		<subfield code="w">(UaCaAUL)b12158768</subfield>
		<subfield code="w">(OCoLC)85091068</subfield>
	</datafield>
	<datafield ind1="4" ind2="0" tag="856">
		<subfield code="u">http://hdl.handle.net/2333.1/34tmpr1k</subfield>
	</datafield>
	<datafield ind1="1" ind2=" " tag="880">
		<subfield code="6">100-01</subfield>
		<subfield code="a">ابن قتيبة، عبد الله بن مسلم،</subfield>
		<subfield code="d">828-889؟</subfield>
	</datafield>
	<datafield ind1="1" ind2="0" tag="880">
		<subfield code="6">240-02</subfield>
		<subfield code="a">تأويل مختلف الحديث</subfield>
	</datafield>
	<datafield ind1="1" ind2="0" tag="880">
		<subfield code="6">245-03</subfield>
		<subfield code="a">كتاب تأويل مختلف الحديث :</subfield>
		<subfield code="b">في الرد على أعداء أهل الحديث، والجمع بين الأخبار التي ادعوا اليها التناقض والاختلاف، والجواب عما اوردوه من الشبة على بعض الاخبار المتشابهة او المشكلة بادئ الرأي /</subfield>
		<subfield code="c">تأليف الامام ابن قتيبة الدينوري، المتوفى سنة 276 هجرية.</subfield>
	</datafield>
	<datafield ind1="3" ind2=" " tag="880">
		<subfield code="6">246-04</subfield>
		<subfield code="a">تأويل مختلف الحديث</subfield>
	</datafield>
	<datafield ind1=" " ind2=" " tag="880">
		<subfield code="6">250-05</subfield>
		<subfield code="a">الطبعة الأولى.</subfield>
	</datafield>
	<datafield ind1=" " ind2="1" tag="880">
		<subfield code="6">264-06</subfield>
		<subfield code="a">مصر :</subfield>
		<subfield code="b">مطبعة كردستان العلمية بمصر المحمية،</subfield>
		<subfield code="c">1326 هجرية [1908]</subfield>
	</datafield>
	<datafield ind1=" " ind2=" " tag="880">
		<subfield code="6">500-07</subfield>
		<subfield code="a">تنبيه، ليعلم ان هذا الكتاب طبع وصحح على ثلاث نسخ: النسخة الواسطية المصححة بمعرفة استاذي المفضال (السيد محمود شكري الآلوسي)، والنسخة الدمشقية المكتوبة المصححة بخط الاستاذ الفاضل (الشيخ محمد جمال القاسمي)، والنسخة المحفوظة (بالكتبخانه الخديوية).</subfield>
	</datafield>
	<datafield ind1=" " ind2=" " tag="880">
		<subfield code="6">500-08</subfield>
		<subfield code="a">الطبعة الأولى على نفقة صاحب السعادة محمود افندي شابندر زادة عين أعيان بغداد وتجارها والساعي في احياء آثارها، بمعرفة الفقير اليه فرج الله زكى الكردي بمطبعته.</subfield>
	</datafield>
	<datafield ind1=" " ind2=" " tag="880">
		<subfield code="6">500-09</subfield>
		<subfield code="a">حقوق الطبع محفوظة.</subfield>
	</datafield>
	<datafield ind1=" " ind2=" " tag="959">
		<subfield code="a">NNU</subfield>
		<subfield code="b">WEB</subfield>
		<subfield code="c">GENI</subfield>
		<subfield code="t">0</subfield>
		<subfield code="m">Electronic access</subfield>
		<subfield code="s">01</subfield>
	</datafield>
	<datafield ind1=" " ind2=" " tag="999">
		<subfield code="i">UaCaAUL_b12158768</subfield>
		<subfield code="o">(OCoLC)ocm85091068</subfield>
		<subfield code="s">auc_aco000657</subfield>
		<subfield code="s">auc_aco000657</subfield>
	</datafield>
</record>
